@misc{ref1,
	author = "Python 3.7.1rc1 documentation",
	title = "\url{https://docs.python.org/3/}",
	url={https://docs.python.org/3/},
	}
	
@misc{ref2,
	author = "Git Tutorial",
	title = "\url{https://www.atlassian.com/git/tutorials}",
	url="https://www.atlassian.com/git/tutorials"
}


